@article{IDS1,
  author = "Abbasi, J.S. and Bashir, F. and Qureshi, K.N. and ul Islam, M.N. and Jeon, G.",
  title = "Deep learning-based feature extraction and optimizing pattern matching for intrusion detection using finite state machine",
  journal = "Computers \& Electrical Engineering",
  volume = "92",
  pages = "107094",
  year = "2021",
  publisher = "Elsevier"
}

@article{IDS2,
  author = "Santhosh Kumar, S.V.N. and Selvi, M. and Kannan, A.",
  title = "A comprehensive survey on machine learning-based intrusion detection systems for secure communication in Internet of Things",
  journal = "Computational Intelligence and Neuroscience",
  volume = "2023",
  number = "1",
  pages = "8981988",
  year = "2023"
}

@article{IDS3,
  author = "Liu, J. and Zhang, W. and Tang, Z. and Xie, Y. and Ma, T. and Zhang, J. and Zhang, G. and Niyoyita, J.P.",
  title = "Adaptive intrusion detection via GA-GOGMM-based pattern learning with fuzzy rough set-based attribute selection",
  journal = "Expert Systems with Applications",
  volume = "139",
  pages = "112845",
  year = "2020"
}

@article{IDS4,
  author = "Alhomoud, A. and Munir, R. and Disso, J.P. and Awan, I. and Al-Dhelaan, A.",
  title = "Performance evaluation study of intrusion detection systems",
  journal = "Procedia Computer Science",
  volume = "5",
  pages = "173--180",
  year = "2011",
  publisher = "Elsevier"
}

@article{IDS5,
  author = "Sowmya, T. and Anita, E.M.",
  title = "A comprehensive review of AI-based intrusion detection system",
  journal = "Measurement: Sensors",
  volume = "28",
  pages = "100827",
  year = "2023",
  publisher = "Elsevier"
}

@incollection{IDS6,
  author = "Ugtakhbayar, N. and Usukhbayar, B. and Baigaltugs, S.",
  title = "A hybrid model for anomaly-based intrusion detection system",
  booktitle = "Advances in Intelligent Information Hiding and Multimedia Signal Processing",
  volume = "2",
  pages = "419--431",
  address = "Singapore",
  publisher = "Springer",
  year = "2020"
}

@article{IDS8,
  author = "Kim, G. and Lee, S. and Kim, S.",
  title = "A novel hybrid intrusion detection method integrating anomaly detection with misuse detection",
  journal = "Expert Systems with Applications",
  volume = "41",
  number = "4",
  pages = "1690--1700",
  year = "2014"
}

@article{IDS14,
  author = "Kaur, S. and Singh, M.",
  title = "Hybrid intrusion detection and signature generation using deep recurrent neural networks",
  journal = "Neural Computing and Applications",
  volume = "32",
  number = "12",
  pages = "7859--7877",
  year = "2020"
}

@article{IDS15,
  author = "Chauhan, S. and Gangopadhyay, S. and Gangopadhyay, A.K.",
  title = "Intrusion detection system for IoT using logical analysis of data and information gain ratio",
  journal = "Cryptography",
  volume = "6",
  number = "4",
  pages = "62",
  year = "2022"
}

@article{IDS19,
  author = "Khraisat, A. and Gondal, I. and Vamplew, P. and Kamruzzaman, J.",
  title = "Survey of intrusion detection systems: techniques, datasets and challenges",
  journal = "Cybersecurity",
  volume = "2",
  number = "1",
  pages = "1--22",
  year = "2019"
}

@article{IDS9,
  author = "Abdulganiyu, O.H. and Ait Tchakoucht, T. and Saheed, Y.K.",
  title = "A systematic literature review for network intrusion detection system (IDS)",
  journal = "International Journal of Information Security",
  volume = "22",
  number = "5",
  pages = "1125--1162",
  year = "2023"
}

@article{IDS20,
  author = "Pinto, A. and Herrera, L.C. and Donoso, Y. and Gutierrez, J.A.",
  title = "Survey on intrusion detection systems based on machine learning techniques for the protection of critical infrastructure",
  journal = "Sensors",
  volume = "23",
  number = "5",
  pages = "2415",
  year = "2023"
}

@article{IDS16,
  author = "Ahmad, Z. and Shahid Khan, A. and Wai Shiang, C. and Abdullah, J. and Ahmad, F.",
  title = "Network intrusion detection system: A systematic study of machine learning and deep learning approaches",
  journal = "Transactions on Emerging Telecommunications Technologies",
  volume = "32",
  number = "1",
  pages = "e4150",
  year = "2021"
}

@article{IDS17,
  author = "Dini, P. and Elhanashi, A. and Begni, A. and Saponara, S. and Zheng, Q. and Gasmi, K.",
  title = "Overview on intrusion detection systems design exploiting machine learning for networking cybersecurity",
  journal = "Applied Sciences",
  volume = "13",
  number = "13",
  pages = "7507",
  year = "2023"
}

@article{LAD1,
  author      = "Boros, E. and Hammer, P.L. and Ibaraki, T. and Kogan, A.",
  title       = "Logical analysis of numerical data",
  journal     = "Math. Program.",
  volume      = "79",
  number      = "1",
  pages       = "163--190",
  year        = "1997"
}

@article{LAD2,
  author      = "Boros, E. and Hammer, P.L. and Ibaraki, T. and Kogan, A. and Mayoraz, E. and Muchnik, I.",
  title       = "An implementation of logical analysis of data",
  journal     = "IEEE Trans. Knowl. Data Eng.",
  volume      = "12",
  number      = "2",
  pages       = "292--306",
  year        = "2000"
}

@article{LAD3,
  author      = "Boros, E. and Crama, Y. and Hammer, P.L. and Ibaraki, T. and Kogan, A. and Makino, K.",
  title       = "Logical analysis of data: classification with justification",
  journal     = "Ann. Oper. Res.",
  volume      = "188",
  number      = "1",
  pages       = "33--61",
  year        = "2011"
}

@article{LAD4,
  author      = "Lejeune, M. and Lozin, V. and Lozina, I. and Ragab, A. and Yacout, S.",
  title       = "Recent advances in the theory and practice of logical analysis of data",
  journal     = "Eur. J. Oper. Res.",
  volume      = "275",
  number      = "1",
  pages       = "1--15",
  year        = "2019"
}

@article{LAD5,
  author      = "Alexe, S. and Hammer, P.L.",
  title       = "Accelerated algorithm for pattern detection in logical analysis of data",
  journal     = "Discrete Appl. Math.",
  volume      = "154",
  number      = "7",
  pages       = "1050--1063",
  year        = "2006"
}

@article{LAD6,
  author      = "Crama, Y. and Hammer, P.L. and Ibaraki, T.",
  title       = "Cause-effect relationships and partially defined Boolean functions",
  journal     = "Ann. Oper. Res.",
  volume      = "16",
  pages       = "299--325",
  year        = "1988"
}


@article{LAD9,
  author      = "Bonates, T.O. and Hammer, P.L. and Kogan, A.",
  title       = "Maximum patterns in datasets",
  journal     = "Discrete Appl. Math.",
  volume      = "156",
  number      = "6",
  pages       = "846--861",
  year        = "2008"
}


@article{LAD7,
  author      = "Chauhan, S. and Gangopadhyay, S. and Gangopadhyay, A.K.",
  title       = "Intrusion detection system for IoT using logical analysis of data and information gain ratio",
  journal     = "Cryptography",
  volume      = "6",
  number      = "4",
  pages       = "62",
  year        = "2022"
}

@article{LAD8,
  author      = "Gangopadhyay, A.K. and Sheth, T. and Chauhan, S.",
  title       = "LAD in finance: accounting analytics and fraud detection",
  journal     = "Adv. Comput. Intell.",
  volume      = "3",
  number      = "1",
  pages       = "4",
  year        = "2023"
}

@article{IDS7,
  author      = "Das, T.K. and Adepu, S. and Zhou, J.",
  title       = "Anomaly detection in industrial control systems using logical analysis of data",
  journal     = "Computers \& Security",
  volume      = "96",
  pages       = "101935",
  year        = "2020",
  publisher   = "Elsevier"
}

@article{IDS10,
  author      = "Kalavadekar, P.N. and Sane, S.S.",
  title       = "Building an effective intrusion detection system using combined signature and anomaly detection techniques",
  journal     = "International Journal of Innovative Technology and Exploring Engineering",
  volume      = "8",
  number      = "10",
  pages       = "429",
  year        = "2019"
}

@article{IDS11,
  author      = "Azam, Z. and Islam, M.M. and Huda, M.N.",
  title       = "Comparative analysis of intrusion detection systems and machine learning-based model analysis through decision tree",
  journal     = "IEEE Access",
  year        = "2023"
}

@article{IDS12,
  author      = "Rai, K. and Devi, M.S. and Guleria, A.",
  title       = "Decision tree-based algorithm for intrusion detection",
  journal     = "International Journal of Advanced Networking and Applications",
  volume      = "7",
  number      = "4",
  pages       = "2828",
  year        = "2016"
}

@article{IDS18,
  author      = "Sohi, S.M. and Seifert, J.P. and Ganji, F.",
  title       = "RNNIDS: Enhancing network intrusion detection systems through deep learning",
  journal     = "Computers \& Security",
  volume      = "102",
  pages       = "102151",
  year        = "2021",
  publisher   = "Elsevier"
}

@misc{DATA1,
  author = "Ghulam Mohi-ud-din",
  title = "NSL-KDD",
  year = "2018",
  note = "Available at: https://dx.doi.org/10.21227/425a-3e55"
}

@misc{DATA2,
  author = "Minglong Cheng",
  title = "KDD-CUP99",
  year = "2022",
  note = "Available at: https://dx.doi.org/10.21227/n4qf-v834"
}


%%%%%%% Following are template refs

%% Journal article
@article{bib1,
  author		= "Campbell, S. L. and Gear, C. W.",
  title			= "The index of general nonlinear {D}{A}{E}{S}",
  journal		= "Numer. {M}ath.",
  volume		= "72",
  number		= "2",
  pages			= "173--196",
  year			= "1995"
}

%% Journal article with DOI
@article{bib2,
  author		= "Slifka, M. K. and Whitton, J. L.",
  title			= "Clinical implications of dysregulated cytokine production",
  journal		= "J. {M}ol. {M}ed.",
  volume		= "78",
  pages			= "74--80",
  year			= "2000",
  doi			= "10.1007/s001090000086"
}

%% Journal article
@article{bib3,
  author		= "Hamburger, C.",
  title			= "Quasimonotonicity, regularity and duality for nonlinear systems of 
					partial differential equations",
  journal		= "Ann. Mat. Pura. Appl.",
  volume		= "169",
  number		= "2",
  pages			= "321--354",
  year			= "1995"
}

%% book, authored
@book{bib4,
  author		= "Geddes, K. O. and Czapor, S. R. and Labahn, G.",
  title			= "Algorithms for {C}omputer {A}lgebra",
  address		= "Boston",
  publisher		= "Kluwer",
  year			= "1992"
}

%% Item 8. Book, chapter
@incollection{bib5,
  author		= "Broy, M.",
  title			= "Software engineering---from auxiliary to key technologies",
  editor		= "Broy, M. and Denert, E.",
  booktitle		= "Software Pioneers",
  pages			= "10--13",
  address		= "New {Y}ork",
  publisher		= "Springer",
  year			= "1992"
}

%% Book, edited
@book{bib6,
  editor		= "Seymour, R. S.",
  title			= "Conductive {P}olymers",
  address		= "New {Y}ork",
  publisher		= "Plenum",
  year			= "1981"
}

%% Chapter in a book in a series with volume titles
@inproceedings{bib7,
  author		= "Smith, S. E.",
  title			= "Neuromuscular blocking drugs in man",
  editor		= "Zaimis, E.",
  volume		= "42",
  booktitle		= "Neuromuscular junction. {H}andbook of experimental pharmacology",
  pages			= "593--660",
  address		= "Heidelberg",
  publisher		= "Springer",
  year			= "1976"
}

%% Paper presented at a conference
@misc{bib8,
  author		= "Chung, S. T. and Morris, R. L.",
  title			= "Isolation and characterization of plasmid deoxyribonucleic acid from 
					Streptomyces fradiae",
  year			= "1978",
  note			= "Paper presented at the 3rd international symposium on the genetics 
					of industrial microorganisms, University of {W}isconsin, {M}adison, 
					4--9 June 1978"
}

%% Data citation example
@misc{bib9,
  author		= "Hao, Z. and AghaKouchak, A. and Nakhjiri, N. and Farahmand, A.",
  title			= "Global integrated drought monitoring and prediction system (GIDMaPS) data sets", 
  year			= "2014",
  note			= "figshare \url{https://doi.org/10.6084/m9.figshare.853801}"
}

%% Preprint citation example
@misc{bib10, 
  author		= "Babichev, S. A. and Ries, J. and Lvovsky, A. I.",
  title			= "Quantum scissors: teleportation of single-mode optical states by means 
					of a nonlocal single photon", 
  year			= "2002",
  note			= "Preprint at \url{https://arxiv.org/abs/quant-ph/0208066v1}"
}

@article{bib11,
  author		= "Beneke, M. and Buchalla, G. and Dunietz, I.",
  title			= "Mixing induced {CP} asymmetries in inclusive {B} decays",
  journal		= "Phys. {L}ett.",
  volume		= "B393",
  year			= "1997",
  pages			= "132-142",
  archivePrefix		= "arXiv",
  eprint		= "0707.3168",
  primaryClass		= "gr-gc"
}

@softmisc{bib12,
  author		= "Stahl, B.",
  title			= "deep{SIP}: deep learning of {S}upernova {I}a {P}arameters",
  version		= "0.42",
  keywords		= "Software",
  howpublished		= "Astrophysics {S}ource {C}ode {L}ibrary",
  year			= "2020",
  month			= "Jun",
  eid			= "ascl:2006.023",
  pages			= "ascl:2006.023",
  archivePrefix		= "ascl",
  eprint		= "2006.023",
  adsurl		= "{https://ui.adsabs.harvard.edu/abs/2020ascl.soft06023S}",
  adsnote		= "Provided by the SAO/NASA Astrophysics Data System"
}

@article{bib13,
  author = "Abbott, T. M. C. and others",
  collaboration = "DES",
  title = "{Dark Energy Survey Year 1 Results: Constraints on Extended Cosmological Models from Galaxy Clustering and Weak Lensing}",
  eprint = "1810.02499",
  archivePrefix = "arXiv",
  primaryClass = "astro-ph.CO",
  reportNumber = "FERMILAB-PUB-18-507-PPD",
  doi = "10.1103/PhysRevD.99.123505",
  journal = "Phys. Rev. D",
  volume = "99",
  number = "12",
  pages = "123505",
  year = "2019"
}

%%============================================================================%%
%% while using chicago reference style, both abbreviated and expanded form of %%
%% author name format is acceptable. Refer below example for expanded form    %%
%%============================================================================%%

%%  author		= "{Cameron, Deborah}", - single author
%%  author		= "{Saito, Yukio} and {Hyuga, Hiroyuki}", - double author 

%%======================================%%
%% Example for author names with suffix %%
%%======================================%%

%%  author		= "{Price, R. A. Jr} and {Curry, N. {III}} and McCann, K. E. and 
%%					Fielding, J. L. and {Abercrombie, E. Jr}",


